% Encoding: UTF-8

@TechReport{Anand_2017,
  author       = {Sukhad Anand},
  title        = {Face Recognition with OpenCV},
  year         = {2017},
  month        = nov,
  note         = {https://docs.opencv.org/4.5.2/da/d60/tutorial_face_main.html},
  edition      = {v4.5.2},
  organization = {Open Source Computer Vision},
  url          = {https://github.com/opencv/opencv_contrib/blob/bccbec7/modules/face/tutorials/face_recognition/face_tutorial.markdown},
}

@PhdThesis{Wang_2016,
  author  = {Xinying Wang},
  school  = {Electrical and Computer Engineering, Iowa State University},
  title   = {Using reconfigurable computing technology to accelerate matrix decomposition and applications},
  year    = {2016},
  month   = jan,
  type    = {phdthesis},
  ranking = {rank3},
  url     = {https://dr.lib.iastate.edu/handle/20.500.12876/30017},
}

@Article{Cortes_1995,
  author    = {Corinna Cortes and Vladimir Vapnik},
  title     = {Support-vector networks},
  journal   = {Machine Learning},
  year      = {1995},
  volume    = {20},
  number    = {3},
  pages     = {273--297},
  month     = {sep},
  doi       = {10.1007/BF00994018},
  publisher = {Springer Science and Business Media {LLC}},
}

@Article{Pearson_1901,
  author    = {Karl Pearson},
  title     = {{LIII}. On lines and planes of closest fit to systems of points in space},
  journal   = {The London, Edinburgh, and Dublin Philosophical Magazine and Journal of Science},
  year      = {1901},
  volume    = {2},
  number    = {11},
  pages     = {559--572},
  month     = {nov},
  doi       = {10.1080/14786440109462720},
  keywords  = {PCA},
  publisher = {Informa {UK} Limited},
}

@Article{Wold_1987,
  author    = {Svante Wold and Kim Esbensen and Paul Geladi},
  title     = {Principal component analysis},
  journal   = {Chemometrics and Intelligent Laboratory Systems},
  year      = {1987},
  volume    = {2},
  number    = {1-3},
  pages     = {37--52},
  month     = {aug},
  doi       = {10.1016/0169-7439(87)80084-9},
  publisher = {Elsevier {BV}},
}

@Article{Abdi_2010,
  author    = {Herv{\'{e}} Abdi and Lynne J. Williams},
  title     = {Principal component analysis},
  journal   = {Wiley Interdisciplinary Reviews: Computational Statistics},
  year      = {2010},
  volume    = {2},
  number    = {4},
  pages     = {433--459},
  month     = {jun},
  doi       = {10.1002/wics.101},
  publisher = {Wiley},
}

@Unpublished{Same_01,
  author = {墨池有雨},
  title  = {基于主成分分析（PCA）的人脸识别技术},
  month  = jun,
  year   = {2020},
  url    = {https://www.cnblogs.com/mickeyyang/p/13262472.html},
}

@Book{9780471056690,
  author    = {Duda, Richard O. and Hart, Peter E. and Stork, David G.},
  publisher = {Wiley John + Sons},
  title     = {Pattern Classification},
  year      = {2000},
  isbn      = {978-0-471-05669-0},
  month     = oct,
  abstract  = {The first edition, published in 1973, has become a classic reference in the field. Now with the second edition, readers will find information on key new topics such as neural networks and statistical pattern recognition, the theory of machine learning, and the theory of invariances. Also included are worked examples, comparisons between different methods, extensive graphics, expanded exercises and computer project topics.},
  ean       = {9780471056690},
  ranking   = {rank3},
  url       = {https://www.ebook.de/de/product/3244086/richard_o_duda_peter_e_hart_david_g_stork_pattern_classification.html},
}

@Article{Jolliffe_2016,
  author    = {Ian T. Jolliffe and Jorge Cadima},
  journal   = {Philosophical Transactions of the Royal Society A: Mathematical, Physical and Engineering Sciences},
  title     = {Principal component analysis: a review and recent developments},
  year      = {2016},
  month     = {apr},
  number    = {2065},
  pages     = {20150202},
  volume    = {374},
  doi       = {10.1098/rsta.2015.0202},
  publisher = {The Royal Society},
  ranking   = {rank5},
}

@Article{王晓伟_2013,
  author  = {王晓伟, 闫德勤, 唐祚},
  journal = {微型机与应用},
  title   = {一种基于贪心算法的快速PCA算法},
  year    = {2013},
  issn    = {1674-7720},
  month   = nov,
  volume  = {19},
}

@Misc{techping_2018,
  author = {techping},
  title  = {PCA+SVM人脸识别},
  year   = {2018},
  url    = {https://www.jianshu.com/p/c86f167c019d},
}

@TechReport{Numpy_multi_dot,
  author = {Numpy},
  title  = {numpy.linalg.multi\_dot NumPy v1.20 Manual},
  year   = {2021},
  url    = {https://numpy.org/doc/1.20/reference/generated/numpy.linalg.multi\_dot.html},
}

@Article{Zhao_2003,
  author    = {W. Zhao and R. Chellappa and P. J. Phillips and A. Rosenfeld},
  journal   = {{ACM} Computing Surveys},
  title     = {Face recognition: A Literature Survey},
  year      = {2003},
  month     = {dec},
  number    = {4},
  pages     = {399--458},
  volume    = {35},
  doi       = {10.1145/954339.954342},
  file      = {:https\://dl.acm.org/doi/pdf/10.1145/954339.954342:},
  publisher = {Association for Computing Machinery ({ACM})},
  ranking   = {rank5},
}

@Misc{ajcr_2015,
  author = {ajcr},
  title  = {A basic introduction to NumPy's einsum},
  year   = {2015},
  url    = {https://ajcr.net/Basic-guide-to-einsum/},
}

@TechReport{GeeksForGeeks_2020,
  author = {GeeksForGeeks},
  title  = {Display the Pandas DataFrame in Heatmap style},
  year   = {2020},
  url    = {https://www.geeksforgeeks.org/display-the-pandas-dataframe-in-heatmap-style/},
}

@TechReport{Claudia_2021,
  author      = {Claudia},
  institution = {VS Code, Microsoft},
  title       = {Jupyter in Visual Studio Code – April 2021 Release},
  year        = {2021},
  url         = {https://devblogs.microsoft.com/python/jupyter-in-visual-studio-code-april-2021-release/},
}

@Misc{Tobler_2019,
  author = {Christine Tobler},
  month  = mar,
  title  = {Which algorithm eig () function use ?},
  year   = {2019},
  url    = {https://www.mathworks.com/matlabcentral/answers/86770-which-algorithm-eig-function-use#answer_364832},
}

@TechReport{Numpy_eig,
  author = {Numpy},
  title  = {numpy.linalg.eig NumPy v1.20 Manual},
  year   = {2021},
  url    = {https://numpy.org/doc/1.20/reference/generated/numpy.linalg.eig.html},
}

@Article{Hu_2019,
  author    = {Lin Hu and Jian Cui},
  journal   = {Measurement},
  title     = {Digital image recognition based on Fractional-order-{PCA}-{SVM} coupling algorithm},
  year      = {2019},
  month     = {oct},
  pages     = {150--159},
  volume    = {145},
  doi       = {10.1016/j.measurement.2019.02.006},
  publisher = {Elsevier {BV}},
}

@Book{Tyagi_2018,
  author    = {Vipin Tyagi},
  publisher = {{CRC} Press},
  title     = {Understanding Digital Image Processing},
  year      = {2018},
  month     = {sep},
  doi       = {10.1201/9781315123905},
}

@Article{TOYODA_1993,
  author    = {Masahiro TOYODA and Hideki TAKAMI and Kenichi ARAKI and Tadashi ARUGA},
  journal   = {The Review of Laser Engineering},
  title     = {Characteristics Measurement of Avalanche Photo-Diode Quadrant Detector for Dim Light Position Sensing.},
  year      = {1993},
  number    = {3},
  pages     = {392--398},
  volume    = {21},
  doi       = {10.2184/lsj.21.3_392},
  publisher = {Laser Society of Japan},
}

@Article{,
  url = {https://brightguo.wordpress.com/2013/05/14/face-recognition-with-opencv/},
}

@Article{Kanan_2012,
  author    = {Christopher Kanan and Garrison W. Cottrell},
  journal   = {{PLoS} {ONE}},
  title     = {Color-to-Grayscale: Does the Method Matter in Image Recognition?},
  year      = {2012},
  month     = {jan},
  number    = {1},
  pages     = {e29740},
  volume    = {7},
  doi       = {10.1371/journal.pone.0029740},
  editor    = {Eshel Ben-Jacob},
  publisher = {Public Library of Science ({PLoS})},
}

@InProceedings{Sulmont_2019,
  author    = {Elisabeth Sulmont and Elizabeth Patitsas and Jeremy R. Cooperstock},
  booktitle = {Proceedings of the 50th {ACM} Technical Symposium on Computer Science Education},
  title     = {Can You Teach Me To Machine Learn?},
  year      = {2019},
  month     = {feb},
  publisher = {{ACM}},
  doi       = {10.1145/3287324.3287392},
}

@Book{周志华_2016,
  author    = {周志华},
  publisher = {清华大学出版社},
  title     = {机器学习},
  year      = {2016},
  address   = {北京},
  isbn      = {9787302423287},
}

@InProceedings{Guera_2018,
  author    = {David Guera and Edward J. Delp},
  booktitle = {2018 15th {IEEE} International Conference on Advanced Video and Signal Based Surveillance ({AVSS})},
  title     = {Deepfake Video Detection Using Recurrent Neural Networks},
  year      = {2018},
  month     = {nov},
  publisher = {{IEEE}},
  doi       = {10.1109/avss.2018.8639163},
}

@Article{Arakawa_1996,
  author    = {Kaoru Arakawa},
  journal   = {Fuzzy Sets and Systems},
  title     = {Median filter based on fuzzy rules and its application to image restoration},
  year      = {1996},
  month     = {jan},
  number    = {1},
  pages     = {3--13},
  volume    = {77},
  doi       = {10.1016/0165-0114(95)00122-0},
  publisher = {Elsevier {BV}},
}

@Misc{Lambda_2018,
  author = {Lambda},
  month  = nov,
  title  = {Google is probably using Adversarial Noise for ReCaptcha},
  year   = {2018},
  url    = {https://lambdalabs.com/blog/google-using-adversarial-noise-for-recaptcha/},
}

@InProceedings{Hao_Zhang,
  author    = {Hao Zhang and A.C. Berg and M. Maire and J. Malik},
  booktitle = {2006 {IEEE} Computer Society Conference on Computer Vision and Pattern Recognition - Volume 2 ({CVPR}{\textquotesingle}06)},
  title     = {{SVM}-{KNN}: Discriminative Nearest Neighbor Classification for Visual Category Recognition},
  publisher = {{IEEE}},
  doi       = {10.1109/cvpr.2006.301},
}

@InCollection{Guo_2003,
  author    = {Gongde Guo and Hui Wang and David Bell and Yaxin Bi and Kieran Greer},
  booktitle = {On The Move to Meaningful Internet Systems 2003: {CoopIS}, {DOA}, and {ODBASE}},
  publisher = {Springer Berlin Heidelberg},
  title     = {{KNN} Model-Based Approach in Classification},
  year      = {2003},
  pages     = {986--996},
  doi       = {10.1007/978-3-540-39964-3\_62},
}

@Misc{orfanidis_2007,
  title     = {SVD, PCA, KLT, CCA, and All That},
  author    = {Orfanidis, S},
  year      = {2007},
  url       = {https://www.ece.rutgers.edu/~orfanidi/ece525/svd.pdf}
}

@Comment{jabref-meta: databaseType:bibtex;}
