@Book{gan2014da,
  author    = {甘孟瑜,~曾政权},
  publisher = {重庆大学出版社},
  title     = {大学化学},
  year      = {2014},
  address   = {重庆},
  edition   = {4},
  isbn      = {9787562485018},
}

@InBook{gan2014inbook,
  author    = {甘孟瑜,~曾政权},
  chapter   = {第三篇 化学与工程技术·人类·社会},
  pages     = {195-304},
  publisher = {重庆大学出版社},
  title     = {大学化学},
  year      = {2014},
  address   = {重庆},
  edition   = {4},
  isbn      = {9787562485018},
  volume    = {第三篇~化学与工程技术·人类·社会},
}

@Article{Dawei_2018,
  author    = {Zhang Dawei and Zhang Qi and Fan Xiaoguang and Zhao Shengdun},
  journal   = {稀有金属材料与工程},
  title     = {Review on Joining Process of Carbon Fiber-Reinforced Polymer and Metal: Methods and Joining Process},
  year      = {2018},
  month     = {dec},
  number    = {12},
  pages     = {3686--3696},
  volume    = {47},
  doi       = {10.1016/s1875-5372(19)30018-9},
  publisher = {Elsevier {BV}},
  url       = {http://www.rmme.ac.cn/rmme/article/html/20190139},
}

@InCollection{Preinfalk_1989,
  author    = {C. Preinfalk and G. Morteani},
  booktitle = {Lanthanides, Tantalum and Niobium},
  publisher = {Springer Berlin Heidelberg},
  title     = {The Industrial Applications of Rare Earth Elements},
  year      = {1989},
  pages     = {359--370},
  doi       = {10.1007/978-3-642-87262-4_19},
}

@Book{Atwood_2012,
  editor    = {David A. Atwood},
  publisher = {WILEY},
  title     = {The Rare Earth Elements: Fundamentals and Applications},
  year      = {2012},
  address   = {Online},
  isbn      = {9781119950974},
  month     = dec,
  ean       = {9781119950974},
  groups    = {book},
  pagetotal = {624},
  url       = {https://www.ebook.de/de/product/19464207/the_rare_earth_elements_fundamentals_and_applications.html},
}

@Article{Balaram_2019,
  author    = {V. Balaram},
  journal   = {Geoscience Frontiers},
  title     = {Rare earth elements: A review of applications, occurrence, exploration, analysis, recycling, and environmental impact},
  year      = {2019},
  month     = {jul},
  number    = {4},
  pages     = {1285--1303},
  volume    = {10},
  doi       = {10.1016/j.gsf.2018.12.005},
  publisher = {Elsevier {BV}},
  ranking   = {rank4},
}

@Article{Fernandez_2017,
  author    = {Viviana Fernandez},
  journal   = {Resources Policy},
  title     = {Rare-earth elements market: A historical and financial perspective},
  year      = {2017},
  month     = {sep},
  pages     = {26--45},
  volume    = {53},
  doi       = {10.1016/j.resourpol.2017.05.010},
  publisher = {Elsevier {BV}},
}

@TechReport{Kirkpatrick_2019,
  author    = {Keith Kirkpatrick},
  title     = {Electronics need rare earths},
  year      = {2019},
  month     = {feb},
  number    = {3},
  doi       = {10.1145/3303847},
  journal   = {Communications of the {ACM}},
  pages     = {17--18},
  publisher = {Association for Computing Machinery ({ACM})},
  url       = {https://cacm.acm.org/magazines/2019/3/234917-electronics-need-rare-earths/fulltext},
  volume    = {62},
}

@Article{Haxel_2002,
  author    = {Gordon Haxel},
  journal   = {US Geological Survey},
  title     = {Rare Earth Elements: Critical Resources for High Technology},
  year      = {2002},
  number    = {2},
  volume    = {87},
  publisher = {US Department of the Interior},
  url       = {https://pubs.usgs.gov/fs/2002/fs087-02/fs087-02.pdf},
}

@TechReport{张晔_2019,
  author      = {张晔},
  institution = {科技日报},
  title       = {轻稀土不可轻视——稀土催化研究或为我国“蓝天保卫战”建奇功},
  year        = {2019},
  month       = jun,
  type        = {techreport},
  abstract    = {“我们研发的低温稀土铈基催化剂，在新疆天富南热电有限公司的125MW发电机组的侧线装置上实现了3000小时以上的稳定运行，脱硝效率达55%以上，填补了我国在超低温（100℃）脱硝领域的空白。”近日，南京大学教授董林告诉科技日报记者，这项国家863稀土重大专项课题，去年},
  url         = {https://www.cenews.com.cn/pollution_ctr/gjb/201906/t20190618_900608.html},
}

@TechReport{王迪_2021,
  author      = {王迪,吴晓颖},
  institution = {新华每日电讯},
  title       = {中国研制，时速620公里！“贴地飞行”何时梦圆？},
  year        = {2021},
  month       = jan,
  url         = {http://www.xinhuanet.com/politics/2021-01/22/c_1127010806.htm},
}

@Book{baipi_2012,
  author    = {中华人民共和国国务院新闻办公室},
  publisher = {新华社},
  title     = {中国的稀土状况与政策},
  year      = {2012},
  address   = {北京},
  month     = jun,
}

@Article{Generalic_2012,
  author = {Eni Generalic},
  title  = {Rare Earth Elements},
  year   = {2012},
  month  = sep,
  url    = {https://www.periodni.com/rare_earth_elements.html},
}

@InBook{Wang_2012,
  author    = {Bing-Wu Wang and Song Gao},
  chapter   = {Molecular Magnetic Materials},
  editor    = {David A. Atwood},
  pages     = {335-346},
  publisher = {WILEY},
  title     = {The Rare Earth Elements: Fundamentals and Applications},
  year      = {2012},
  address   = {Online},
  isbn      = {9781119950974},
  month     = dec,
  groups    = {book},
}

@InBook{Atwood_2012a,
  author    = {David A. Atwood},
  chapter   = {Sustainability of Rare Earth Resources},
  editor    = {David A. Atwood},
  pages     = {21-25},
  publisher = {WILEY},
  title     = {The Rare Earth Elements: Fundamentals and Applications},
  year      = {2012},
  address   = {Online},
  isbn      = {9781119950974},
  month     = dec,
  groups    = {book},
}

@InBook{Wang_2012a,
  author    = {Bing-Wu Wang and Song Gao},
  chapter   = {Magnetism},
  editor    = {David A. Atwood},
  pages     = {153-160},
  publisher = {WILEY},
  title     = {The Rare Earth Elements: Fundamentals and Applications},
  year      = {2012},
  address   = {Online},
  isbn      = {9781119950974},
  month     = dec,
  groups    = {book},
}

@InBook{JohnHamiltonWalrod_2012,
  author    = {John Hamilton Walrod II and David A. Atwood},
  chapter   = {Heterogeneous Catalysis},
  editor    = {David A. Atwood},
  pages     = {475-480},
  publisher = {WILEY},
  title     = {The Rare Earth Elements: Fundamentals and Applications},
  year      = {2012},
  address   = {Online},
  isbn      = {9781119950974},
  month     = dec,
  groups    = {book},
}

@InBook{AntonioJ.DossantosGarcia_2012a,
  author    = {Antonio J. Dos santos-Garcı́a, Miguel Á. Alario-Franco and Regino Sáez-Puche},
  chapter   = {Superconducting Materials},
  editor    = {David A. Atwood},
  pages     = {371-384},
  publisher = {WILEY},
  title     = {The Rare Earth Elements: Fundamentals and Applications},
  year      = {2012},
  address   = {Online},
  isbn      = {9781119950974},
  month     = dec,
  groups    = {book},
}

@InBook{JohnHamiltonWalrod_2012a,
  author    = {John Hamilton Walrod II and David A. Atwood},
  chapter   = {Metal–Organic Frameworks},
  editor    = {David A. Atwood},
  pages     = {385-388},
  publisher = {WILEY},
  title     = {The Rare Earth Elements: Fundamentals and Applications},
  year      = {2012},
  address   = {Online},
  isbn      = {9781119950974},
  month     = dec,
  groups    = {book},
}

@InBook{DeakinUniversity_2012,
  author    = {Deakin University, Geelong, VIC, Australia},
  chapter   = {Oxide and Sulfide Nanomaterials},
  editor    = {David A. Atwood},
  pages     = {405-414},
  publisher = {WILEY},
  title     = {The Rare Earth Elements: Fundamentals and Applications},
  year      = {2012},
  address   = {Online},
  isbn      = {9781119950974},
  month     = dec,
  groups    = {book},
}

@TechReport{Institute_2020,
  author      = {Science History Institute},
  institution = {Science History Institute},
  title       = {The History and Future of Rare Earth Elements},
  year        = {2020},
  priority    = {prio3},
}

@InBook{Yao_2012a,
  author    = {Yingming Yao and Kun Nie},
  chapter   = {Homogeneous Catalysis},
  editor    = {David A. Atwood},
  pages     = {459-474},
  publisher = {WILEY},
  title     = {The Rare Earth Elements: Fundamentals and Applications},
  year      = {2012},
  address   = {Online},
  isbn      = {9781119950974},
  month     = dec,
  groups    = {book},
}

@Article{Kaye_2020,
  author  = {Zak Kaye},
  journal = {Analog Design Journal},
  title   = {Selecting capacitors to minimize distortionin audio applications},
  year    = {2020},
  url     = {https://www.ti.com/lit/an/slyt796/slyt796.pdf},
}

@Article{金文_2015,
  author  = {金文},
  journal = {石油知识},
  title   = {稀土在炼油催化剂中的应用},
  year    = {2015},
  pages   = {22-23},
  volume  = {2},
  doi     = {10.3969/j.issn.1003-4609.2015.02.011},
}

@Article{Lv_2020,
  author    = {Jian Lv and Ying Sun and Hanyu Liu and Yanming Ma},
  journal   = {Matter and Radiation at Extremes},
  title     = {Theory-orientated discovery of high-temperature superconductors in superhydrides stabilized under high pressure},
  year      = {2020},
  month     = {nov},
  number    = {6},
  pages     = {068101},
  volume    = {5},
  doi       = {10.1063/5.0033232},
  publisher = {{AIP} Publishing},
}

@Comment{jabref-meta: databaseType:bibtex;}

@Comment{jabref-meta: grouping:
0 AllEntriesGroup:;
1 StaticGroup:book\;0\;1\;0x8a8a8aff\;\;\;;
}
